@article{markello2022neuromaps,
  title={Neuromaps: structural and functional interpretation of brain maps},
  author={Markello, Ross D and Hansen, Justine Y and Liu, Zhen-Qi and Bazinet, Vincent and Shafiei, Golia and Su{\'a}rez, Laura E and Blostein, Nadia and Seidlitz, Jakob and Baillet, Sylvain and Satterthwaite, Theodore D and others},
  journal={Nature Methods},
  volume={19},
  number={11},
  pages={1472--1479},
  year={2022},
  publisher={Nature Publishing Group US New York}
}